<record><leader>00000cas a2200000 a 4500</leader><controlfield tag="001">36928575</controlfield><controlfield tag="008">970519d19321940oruwr ne      0    0eng c</controlfield><datafield ind1=" " ind2=" " tag="010"><subfield code="a">sn 96088249 </subfield></datafield><datafield ind1=" " ind2=" " tag="040"><subfield code="a">OCN</subfield><subfield code="b">eng</subfield><subfield code="c">OCN</subfield><subfield code="d">OCLCQ</subfield><subfield code="d">ORU</subfield><subfield code="d">OCLCQ</subfield><subfield code="d">OCLCF</subfield><subfield code="d">OCLCO</subfield></datafield><datafield ind1=" " ind2=" " tag="042"><subfield code="a">pcc</subfield></datafield><datafield ind1=" " ind2=" " tag="043"><subfield code="a">n-us-or</subfield></datafield><datafield ind1="0" ind2=" " tag="130"><subfield code="a">Free press (Burns, Or. : 1932)</subfield></datafield><datafield ind1="1" ind2="4" tag="245"><subfield code="a">The Free press.</subfield></datafield><datafield ind1="1" ind2=" " tag="246"><subfield code="i">Published Dec. 9, 1938-Oct. 27, 1939 as:</subfield><subfield code="a">Deschutes County advertiser</subfield></datafield><datafield ind1=" " ind2=" " tag="260"><subfield code="a">Burns, Or. :</subfield><subfield code="b">S.D. Pierce,</subfield><subfield code="c">1932-1940.</subfield></datafield><datafield ind1=" " ind2=" " tag="300"><subfield code="a">v.</subfield></datafield><datafield ind1=" " ind2=" " tag="310"><subfield code="a">Weekly</subfield></datafield><datafield ind1="0" ind2=" " tag="362"><subfield code="a">Vol. 3, no. 8 (July 8, 1932)-v. 5, no. 5 (July 12, 1940).</subfield></datafield><datafield ind1=" " ind2=" " tag="500"><subfield code="a">Place of publication moved to Bend, Or., Aug. 14, 1936.</subfield></datafield><datafield ind1=" " ind2=" " tag="515"><subfield code="a">Some irregularities in numbering.</subfield></datafield><datafield ind1=" " ind2=" " tag="530"><subfield code="a">Also issued on microfilm from University of Oregon.</subfield></datafield><datafield ind1=" " ind2="0" tag="651"><subfield code="a">Burns (Or.)</subfield><subfield code="v">Newspapers.</subfield></datafield><datafield ind1=" " ind2="0" tag="651"><subfield code="a">Bend (Or.)</subfield><subfield code="v">Newspapers.</subfield></datafield><datafield ind1=" " ind2="7" tag="655"><subfield code="a">Newspapers.</subfield><subfield code="2">fast</subfield><subfield code="0">(OCoLC)fst01423814</subfield></datafield><datafield ind1=" " ind2="7" tag="651"><subfield code="a">Oregon</subfield><subfield code="z">Bend.</subfield><subfield code="2">fast</subfield><subfield code="0">(OCoLC)fst01205543</subfield></datafield><datafield ind1=" " ind2="7" tag="651"><subfield code="a">Oregon</subfield><subfield code="z">Burns.</subfield><subfield code="2">fast</subfield><subfield code="0">(OCoLC)fst01217109</subfield></datafield><datafield ind1=" " ind2=" " tag="752"><subfield code="a">United States</subfield><subfield code="b">Oregon</subfield><subfield code="c">Harney</subfield><subfield code="d">Burns.</subfield></datafield><datafield ind1=" " ind2=" " tag="752"><subfield code="a">United States</subfield><subfield code="b">Oregon</subfield><subfield code="c">Deschutes</subfield><subfield code="d">Bend.</subfield></datafield><datafield ind1="0" ind2="0" tag="780"><subfield code="t">Burns press</subfield><subfield code="w">(DLC)sn 96088240</subfield><subfield code="w">(OCoLC)36928566</subfield></datafield><datafield ind1="0" ind2="5" tag="780"><subfield code="t">Bend free press</subfield><subfield code="w">(DLC)sn 96088247</subfield><subfield code="w">(OCoLC)36928580</subfield></datafield><datafield ind1="0" ind2="0" tag="785"><subfield code="t">Bend pilot</subfield><subfield code="w">(DLC)sn 96088248</subfield><subfield code="w">(OCoLC)36928596</subfield></datafield></record>